<collection xmlns="http://www.loc.gov/MARC21/slim"><record><leader>00782nam  2200229   450</leader><controlfield tag="001">204</controlfield><controlfield tag="003">http://montalegre.opacnet.com/OPAC/default.aspx?ContentAreaControl=ShowRegHoldings.ascx&amp;RegNo=16662</controlfield><controlfield tag="005">20</controlfield><datafield tag="095" ind1=" " ind2=" "><subfield code="a">PTBN00333727</subfield></datafield><datafield tag="100" ind1=" " ind2=" "><subfield code="a">20070305d1972    m  y0pora010305  ba</subfield></datafield><datafield tag="101" ind1="1" ind2=" "><subfield code="a">por</subfield></datafield><datafield tag="102" ind1=" " ind2=" "><subfield code="a">PT</subfield></datafield><datafield tag="200" ind1="1" ind2=" "><subfield code="a">Morreram pela pátria</subfield><subfield code="f">Mikail Alexandrovitch Cholokhov</subfield><subfield code="g">trad. Manuela de Azevedo</subfield></datafield><datafield tag="210" ind1=" " ind2=" "><subfield code="a">Lisboa</subfield><subfield code="c">Europa-América</subfield><subfield code="d">1972</subfield></datafield><datafield tag="215" ind1=" " ind2=" "><subfield code="a">176 p.</subfield><subfield code="d">18 cm</subfield></datafield><datafield tag="225" ind1="2" ind2=" "><subfield code="a">Livros de bolso Europa-América</subfield><subfield code="v">23)</subfield></datafield><datafield tag="675" ind1=" " ind2=" "><subfield code="a">821</subfield><subfield code="v">BN</subfield><subfield code="z">por</subfield></datafield><datafield tag="700" ind1=" " ind2="1"><subfield code="a">Cholokhov</subfield><subfield code="b">Mikail</subfield><subfield code="f">1905-1984</subfield></datafield><datafield tag="702" ind1=" " ind2="1"><subfield code="a">Azevedo</subfield><subfield code="b">Manuela de</subfield><subfield code="f">1911</subfield><subfield code="4">730</subfield></datafield><datafield tag="801" ind1=" " ind2="0"><subfield code="a">PT</subfield><subfield code="b">Biblioteca Municipal de Montalegre</subfield><subfield code="g">RPC</subfield></datafield><datafield tag="856" ind1=" " ind2=" "><subfield code="u">locateMedia.asp?cod=20060510110844&amp;ext=jpg</subfield><subfield code="z">CAPA</subfield></datafield><datafield tag="909" ind1="&#9;" ind2=" "><subfield code="a">2</subfield></datafield><datafield tag="966" ind1=" " ind2=" "><subfield code="a">0005176</subfield><subfield code="l">BMM</subfield><subfield code="s">SCG 821 CHO mor 23</subfield></datafield><datafield tag="966" ind1=" " ind2=" "><subfield code="a">1002063</subfield><subfield code="l">BEM</subfield><subfield code="s">BEM 821.1/.8 CHO</subfield></datafield></record></collection>